@book{GelMan,
  author = {S. I. Gelfand and Y. I. Manin},
  title = {Homological algebra},
  year = {2003},
  edition = {2nd},
  publisher = {Springer},
}

@online{CTCS,
  author = {B. Milewski},
  title = {Category Theory for Programmers},
  eprint = {https://github.com/hmemcpy/milewski-ctfp-pdf/},
}

@book{JetNest,
  author = {Jet Nestruev},
  title = {Smooth Manifolds and Observables},
  year = {2003},
  publisher = {Springer},
}
@book{Connes,
  author = {Connes and Marcolli},
  title = {Noncommutative Geometry, Quantum Fields and Motives},
}
@online{compact.proof,
  url = {https://proofwiki.org/wiki/Topological_Product_of_Compact_Spaces},
}
@online{Schuller,
  author = {F. Schuller},
  title = {Video lectures on Differential Geometry and Physics},
  url = {https://www.youtube.com/playlist?list=PLPH7f_7ZlzxTi6kS4vCmv4ZKm9u8g5yic},
}
@book{Lee,
  author = {J. M. Lee},
  title = {Introduction to Smooth Manifolds},
  year = {2013},
  edition = {2nd},
  publisher = {Springer},
}
@book{LeeTop,
  author = {J. M. Lee},
  title = {Introduction to Topological Manifolds},
  year = {2011},
  edition = {2nd},
  publisher = {Springer},
}
@book{Gadea,
  author = {P. M. Gadea and others},
  title = {Analysis and Algebra on Differentiable Manifolds: A Workbook for Students and Teachers},
  year = {2013},
  edition = {2nd},
  publisher = {Springer},
}
@book{LieRiem,
  author = {J. M. Lie},
  title = {Riemannian manifolds},
  year = {1997},
  edition = {1st},
  publisher = {Springer},
}
@book{Jost,
  author = {J. Jost},
  title = {Riemannian Geometry and Geometric Analysis},
  year = {2011},
  edition = {6th},
  publisher = {Springer},
}
@online{smooth.structures,
  url = {https://mathoverflow.net/questions/47569/what-makes-four-dimensions-special},
}@online{Aguilar,
  url = {https://paginas.matem.unam.mx/cprieto/phocadownloadpap/fiber},
  author = {Marcelo A. Aguilar and Carlos Prieto},
}@book{Dundas,
  author = {Bj{\o}rn Ian Dundas},
  title = {Differential Topology},
  year = {2013},
  url = {https://citeseerx.ist.psu.edu/document?repid=rep1&type=pdf&doi=0603e3854c4dc13a2a283072ef834b05e8eec607},
}@online{hopf,
  url = {https://www.youtube.com/watch?v=AKotMPGFJYk},
}@book{RS1,
  author = {G. Rudolph and M. Schmidt},
  title = {Differential Geometry and Mathematical Physics, Part I},
  year = {2013},
  publisher = {Springer},
}@book{RS2,
  author = {G. Rudolph and M. Schmidt},
  title = {Differential Geometry and Mathematical Physics, Part II},
  year = {2017},
  publisher = {Springer},
}@inproceedings{Atiyah,
  author = {M. F. Atiyah},
  title = {Vector Bundles over an Elliptic Curve},
  year = {1957},
  pages = {414-452},
  booktitle = {Proc. London Math. Soc.},
  volume={3},
  number={7}
}@book{Bredon,
  author = {Glen E. Bredon},
  title = {Topology and Geometry},
  year = {1993},
  publisher={Springer},
}@book{Milnor,
  author = {J. Milnor},
  title = {{M}orse Theory},
  year = {1973},
  publisher = {Princeton University Press},
}@book{Munk,
  author = {J. R. Munkres},
  title = {Topology},
  publisher={Pearson},
  edition={2},
  year={2014},
}

@book{Hatcher,
  author = {A. Hatcher},
  title = {Algebraic Topology},
  year = {2002},
  publisher={Cambridge University Press},
}

@online{HatcherVB,
  author = {A. Hatcher},
  title = {Vector Bundles and K-Theory},
  url = {https://pi.math.cornell.edu/~hatcher/VBKT/VB.pdf},
}

@book{Huybrechts,
  author = {D. Huybrechts},
  title = {Complex Geometry: An Introduction},
  year = {2005},
  publisher = {Springer},
}

@book{BottTu,
  author = {R. Bott and L. W. Tu},
  title = {Differential Forms in Algebraic Topology},
  year = {1982},
  publisher = {Springer},
}

@book{tomDieck,
  author = {T. tom Dieck},
  title = {Algebraic Topology},
  year = {2008},
  publisher = {AMS},
}

@book{Rotman,
  author = {J. J. Rotman},
  title = {An introduction to Homological Algebra},
  year = {2009},
  edition = {2nd},
  publisher = {Springer},
}

@online{Bergman,
  author = {G. M. Bergman},
  title = {An Invitation to General Algebra and Universal Constructions},
  year = {2020},
  note = {Also published by Springer},
  eprint = {https://math.berkeley.edu/~gbergman/245/},
}

@online{Leinster,
  author = {T. Leinster},
  title = {Basic Category Theory},
  year = {2016},
  eprint = {https://arxiv.org/abs/1612.09375},
}
@online{Perrone,
  author = {P. Perrone},
  title = {Notes on Category Theory with examples from basic mathematics},
  year = {2019},
  eprint = {https://arxiv.org/abs/1912.10642},
}
@online{May,
  author = {J. P. May},
  title = {A Concise Course in Algebraic Topology},
  year = {1999},
  eprint = {https://www.math.uchicago.edu/~may/CONCISE/ConciseRevised.pdf},
}
@book{Spanier,
  author = {E. H. Spanier},
  title = {Algebraic Topology},
  year = {1994},
  publisher = {Springer},
  address = {New York},
}
@book{DK,
  author = {J. J. Duistermaat and J. A. C. Kolk},
  title = {Lie Groups},
  year = {2000},
  publisher = {Springer},
  address = {Berlin},
}
@online{Neeb,
  author = {K. H. Neeb},
  title = {Infinite-Dimensional Lie Groups},
  year = {2009},
  eprint = {https://cel.hal.science/cel-00391789},
}
@book{Warner,
  author = {F. W. Warner},
  title = {Foundations of Differentiable Manifolds and Lie Groups},
  year = {1971},
  publisher = {Springer},
}

@book{Onishchik,
  author = {A. L. Onishchik and E. B. Vinberg},
  title = {Lie Groups and Lie Algebras I},
  year = {1993},
  publisher = {Springer},
}

@book{Sepanski,
  author = {M. R. Sepanski},
  title = {Compact Lie Groups},
  year = {2007},
  publisher = {Springer},
}

@book{Munkres,
  author = {J. R. Munkres},
  title = {Elements of algebraic topology},
  year = {1984},
  publisher = {Addison Wesley},
}

@book{Shastri,
  author = {A. R. Shastri},
  title = {Basic algebraic topology},
  year = {2014},
  publisher = {CRC Press},
}

@book{HN,
  author = {J. Hilgert and K. H. Neeb},
  title = {Structure and Geometry of Lie Groups},
  year = {2010},
  publisher = {Springer},
}

@book{Sharpe,
  author = {R. W. Sharpe and S. S. Chern},
  title = {Differential Geometry: Cartan's Generalization of Klein's Erlangen Program},
  year = {1997},
}

@book{Cap,
  author = {A. Cap and J. Slov\'ak},
  title = {Parabolic Geometries I},
  year = {2009},
  publisher={AMS},
}

@book{Kolar,
  author = {I. Kol\'a\v{r} and P. W. Michor and J. Slov\'ak},
  title = {Natural operations in differential geometry},
  year = {1993},
}

@book{Vakar,
  author = {M. V\'ak\'ar},
  title = {Principal Bundles and Gauge Theories},
  year = {2011},
}

@article{Hoyo,
  author = {M. del Hoyo},
  title = {Complete connections on fiber bundles},
  journal = {Indagationes Mathematicae},
  year = {2015},
  volume = {27},
  number = {4},
  eprint = {https://arxiv.org/abs/1512.03847},
}

@book{Kobayashi,
  author = {S. Kobayashi},
  title = {Differential Geometry of Complex Vector Bundles},
  year = {1987},
  publisher = {Princeton University Press},
  address = {Princeton},
}

@book{Spivak2,
  author = {M. Spivak},
  title = {A comprehensive introduction to differential geometry},
  year = {1999},
  edition = {3rd},
  volume = {2},
}

@book{Spivak3,
  author = {M. Spivak},
  title = {A comprehensive introduction to differential geometry},
  year = {1999},
  edition = {3rd},
  volume = {3},
}

@article{OFarrill,
  author = {J. Figueroa-O'Farrill},
  title = {On the intrinsic torsion of spacetime structures},
  year = {2020},
  eprint = {https://arxiv.org/abs/2009.01948v1},
}

@incollection{Laquer,
  author = {H. Turner Laquer},
  title = {Affine Connections on Lie Groups},
  year = {1992},
  volume = {331},
  pages = {541-551},
  doi = {10.2307/2154126},
  series = {2},
  publisher = {AMS},
}

@book{Marsden,
  author = {R. Abraham and J. E. Marsden},
  title = {Foundations of Mechanics},
  year = {1978},
  edition = {2nd},
  publisher = {Addison-Wesley},
}

@book{Bryant,
  author = {R. L. Bryant and S. S. Chern and R. B. Gardner and H. H. Goldschmidt and P. A. Griffiths},
  title = {Exterior Differential Systems},
  year = {2011},
  publisher = {Springer},
}

@book{Ivey,
  author = {T. A. Ivey and J. M. Landsberg},
  title = {Cartan for Beginners},
  year = {2016},
  publisher = {AMS},
}

@book{Olver,
  author = {P. Olver},
  title = {Applications of Lie Groups to Differential Equations},
  year = {1993},
  edition = {2nd},
  publisher = {Springer},
}

@book{doCarmo,
  author = {M. P. do Carmo},
  title = {Differential Geometry of Curves and Surfaces},
  year = {2016},
  journal = {Dover Books},
}

@book{Berline,
  author = {N. Berline and E. Getzler and M. Vergne},
  title = {Heat Kernels and Dirac Operators},
  year = {1996},
  journal = {Springer},
}

@misc{schreiber,
      title={Parallel Transport and Functors}, 
      author={Urs Schreiber and Konrad Waldorf},
      year={2014},
      eprint={0705.0452},
      archivePrefix={arXiv},
      primaryClass={id='math.DG' full_name='Differential Geometry' is_active=True alt_name='dg-ga' in_archive='math' is_general=False description='Complex, contact, Riemannian, pseudo-Riemannian and Finsler geometry, relativity, gauge theory, global analysis'},
      doi={10.48550/arXiv.0705.0452}
}

@misc{deift,
      title={Fifty Years of KdV: An Integrable System}, 
      author={Percy Deift},
      year={2019},
      eprint={1902.10267},
      archivePrefix={arXiv},
      primaryClass={id='math-ph'}
}

@book{moser,
  title={Constant Mean Curvature Surfaces, Harmonic Maps and Integrable Systems},
  author={H{\'e}lein, F. and Moser, R.},
  isbn={9783764365769},
  lccn={2001035842},
  series={Lectures in Mathematics. ETH Z{\"u}rich},
  url={https://books.google.com/books?id=VD_ZC1tCZlUC},
  year={2001},
  publisher={Birkh{\"a}user Basel},
  doi={10.1007/978-3-0348-8330-6},
}

@book{babelon, 
  place={Cambridge}, 
  series={Cambridge Monographs on Mathematical Physics}, 
  title={Introduction to Classical Integrable Systems}, 
  publisher={Cambridge University Press}, 
  author={Babelon, Olivier and Bernard, Denis and Talon, Michel}, 
  year={2003}, 
  collection={Cambridge Monographs on Mathematical Physics}}

@book {cartan45,
    AUTHOR = {Cartan, \'Elie},
     TITLE = {Les syst\`emes diff\'erentiels ext\'erieurs et leurs
              applications g\'eom\'etriques},
    SERIES = {Actualit\'es Scientifiques et Industrielles [Current
              Scientific and Industrial Topics]},
    VOLUME = {No. 994},
 PUBLISHER = {Hermann \& Cie, Paris},
      YEAR = {1945},
     PAGES = {214},
   MRCLASS = {36.0X},
  MRNUMBER = {16174},
MRREVIEWER = {J.\ A.\ Schouten},
}